@incollection{alves2009,
  title={A história da \relax{EAD} no Brasil },
  author={João R. M. Alves},
  isbn={9788564574717},
  editor= {Fredric M. Litto and Manuel M. M. Formiga},
  booktitle={Educação a distância: o estado da arte},
  year={2009},
  pages={9-13},
  address	= {São Paulo},
  publisher={Pearson Education do Brasil},
  chapter = {2}
}


@book{bloom1956taxonomy
,	author	= {Benjamin S. Bloom and Max D. Engelhart and Edward J. Furst and Walker H. Hill and David R. Krathwohl}
,	editor	= {Benjamin S. Bloom}
,	title	= {Taxonomy of Educational Objectives: The Classification of Educational Goals}
,	publisher	= {Longmans, Green and Co Ltd}
,	year	= {1956}
,	address	= {London}
}

@article{anderson2001taxonomy,	
  title	= {A taxonomy for learning, teaching and assessing: a revison of Bloom’s Taxonomy of Educational Objectives},
  author = {ANDERSON, L. W.},
  journal	= {New York: Addison Wesley Longman},
  pages = {336},
  year = {2001}
}

@book{bloom1983manual,
    author = {S. Bloom, Benjamin and Thomas Hastings, J and F. Madaus, George},
    year = {1983},
    publisher = {Pioneira},
    title = {Manual de Avaliação Formativa e Somativa do Aprendizado Escolar},
    address	= {São Paulo},
}

@inproceedings{Ferreira@2016,
  doi = {10.5753/cbie.sbie.2016.179},
  url = {https://doi.org/10.5753/cbie.sbie.2016.179},
  year  = {2016},
  month = {nov},
  publisher = {Sociedade Brasileira de Computação - {SBC}},
  author = {Alane De Almeida Ferreira and Vera Werneck and Neide Santos},
  title = {Avaliação da Aprendizagem em Ambientes Educacionais: Uma Revisão Sistemática},
  booktitle = {Anais do {XXVII} Simp{\'{o}}sio Brasileiro de Inform{\'{a}}tica na Educaçãoo ({SBIE} 2016)}
}

@inproceedings{luckesi2014avaliaccao,
  title={Avaliação da aprendizagem escolar: estudos e proposições},
  author={Luckesi, Cipriano Carlos},
  year={2014},
  pages={28-29},
  address = {São Paulo},  
  publisher={Cortez}
}

@inproceedings{luckesi1978,
  title={Avaliação educacional: pressupostos conceituais.},
  series={Revista Tecnologia Educacional},
  note = {Ano VII, n.24},
  author={Luckesi, Cipriano Carlos},
  year={1978},
  pages={5-8},
  address = {Rio de Janeiro},  
  publisher={ABT}
}

@TECHREPORT {inep2016sinopse,
    author  = "{Instituto Nacional de Estudos e Pesquisas Educacionais}",
    title   = "Sinopse estatística do ensino superior 2016",
    year    = "2017",
    type	= "Dados consolidados",
    address = "Brasília: Inep",
    url		= "http://portal.inep.gov.br/web/guest/sinopses-estatisticas-da-educacao-superior",
    note    = "Acesso em: 15/04/2018"
}

@TECHREPORT {abed2016censo,
    author  = "{\relax ABED – Associação Brasileira de Educação a Distância}",
    title   = "Censo {EAD.BR}: relatório analítico da aprendizagem a distância no Brasil 2016",
    year    = "2017",
    type	= "{2 Mb; PDF}",
    address = "Curitiba: InterSaberes",
    url		= "http://www.abed.org.br/site/pt/midiateca/censo_ead",
    note    = "Acesso em: 15/04/2018"
}

@inproceedings{de2003ciclos,
  title={Ciclos, seriação e avaliação: confronto de lógicas},
  author={de Freitas, Luiz Carlos},
  isbn={9788516039011},
  series={Cotidiano escolar},
  address = "São Paulo",
  year={2003},
  pages = {41-49},
  publisher={Moderna}
}


@incollection{bertagna2006,
  title={Avaliação escolar: pressupostos conceituais},
  author={Regiane Helena Bertagna},
  isbn={9788575161470},
  editor= {João F. C. A. Meyer and Regiane H. Bertagna},
  booktitle={O Ensino, a ciência e o cotidiano.},
  year={2006},
  pages={61-66},
  address	= {Campinas},
  publisher={Alínea},
  chapter = {3}
}

@article{brasilLDB,
  address={Brasília, DF},
  journal={Diário Oficial da República Federativa do Brasil}, 
  month={20 dez.},
  author={Brasil},
  title={Lei n{$^o$} 9.394, de 20 de dezembro de 1996. {E}stabelece as diretrizes e bases da educação nacional.},
  url={http://www.planalto.gov.br/ccivil_03/Leis/L9394.htm}, 
  note    = "Acesso em: 05/06/2018",
  year={1996}
}

@article{brasilMEC,
  address={Brasília, DF},
  journal={Diário Oficial da República Federativa do Brasil}, 
  month={13 dez.},
  author={Brasil},
  title={Portaria n{$^o$} 4.059, de 13 de dezembro de 204. {M}inistério da {E}ducação.},
  url={http://portal.mec.gov.br/sesu/arquivos/pdf/nova/acs_portaria4059.pdf}, 
  note    = "Acesso em: 03/07/2018",
  year={2004}
}


@inproceedings{rosado@conceitos,
  address={Lisboa, Portugal},
  publisher ={Departamento da Educação Básica,  Ministério da Educação}, 
  author={António Rosado and Catarina Silva},
  title={Conceitos básicos sobre avaliação das aprendizagens},
  url={http://home.fmh.utl.pt/~arosado/ESTAGIO/conceitos.htm}, 
  note    = "Acesso em: 05/06/2018",
  year={2002}
}

@book{sant1997avaliar,
  title={Por que avaliar? como avaliar?: criterios e instrumentos},
  author={Sant'anna, I.M.},
  isbn={9788532614261},
  url={https://books.google.com.br/books?id=iZ2fAAAACAAJ},
  year={1997},
  publisher={Vozes}
}

@book{depresbiteris2017diversificar,
  title={Diversificar é preciso...: Instrumentos e técnicas de avaliação de aprendizagem},
  author={Depresbiteris, L. and Tavares, M.R.},
  isbn={9788539604722},
  url={https://books.google.com.br/books?id=VOg\_DwAAQBAJ},
  year={2017},
  publisher={Editora Senac São Paulo}
}

@book{fagundesavaliacao,
  title={Avaliacao No Cotidiano Escolar: Implicacoes Legais},
  author={Fagundes, A.I.J.},
  isbn={9788566569049},
  url={https://books.google.com.br/books?id=TSKhtAEACAAJ},
  publisher={CLUBE DE AUTORES}
}

@inproceedings{perrenoud@93,
  title={Não mexam na minha avaliação! {P}ara uma abordagem sistémica da mudança pedagógica},
  author={Philippe PERRENOUD},
  booktitle={Avaliações em educação: Novas perspectivas},
  publisher={Porto Editora},
  year = {1993},
  address = {Porto, Portugal},
  pages = {171-191}
}

@inproceedings{grego@2013,
  title={Avaliação Formativa: Ressignificando concepções e processos},
  author={Sonia Maria Duarte GREGO},
  booktitle={Caderno de Formação: Avaliação Educacional e Escolar},
  publisher={Universidade Estadual Paulista, Pró-Reitoria de Graduação},
  year = {2013},
  address = {São Paulo},
  pages = {92-110},
  url={https://acervodigital.unesp.br/bitstream/123456789/65810/1/u1_d29_v3_t05.pdf},
  note    = "Acesso em: 07/06/2018"
}

@article{exame@ead,
  journal ={Você S/A}, 
  author={Bárbara Nór},
  publisher = {Editora Abril},
  title={Cursos EAD estão crescendo no Brasil},
  url={https://exame.abril.com.br/carreira/cursos-ead-estao-crescendo-no-brasil/}, 
  note    = "Acesso em: 09/06/2018",
  month = {02},
  year={2018}
}

@book{silva2003educacao,
  title={Educação online: teorias, práticas, legislação, formação corporativa},
  author={Marco Silva},
  isbn={9788515028221},
  year={2003},
  publisher={Edições Loyola}
}

@article{dotta@ead,
  author={Camila Areias de Oliveira and Regina Carteano Bandeira and Ronaldo Tedesco Silveira},
  publisher = {PACC - Programa Anual de Capacitação Continuada},
  title={Fundamentos da Comunicação Virtual},
  url={http://proec.ufabc.edu.br/uab/hexagonal/webconf-unidades/unidade1_texto.pdf}, 
  note    = "Acesso em: 11/06/2018"
}

@book{martins@tecnicas,
  title={Técnicas Para Gerenciamento de Projetos de Software},
  author={José Carlos Cordeiro Martins},
  isbn={9788574523088},
  publisher={BRASPORT},
  address = {Rio de Janeiro},
  year = {2007}
}

@TECHREPORT{bblearn,
  title= {Blackboard Learn: LMS Feature Showcase},
  author= {Blackboard Inc},
  type= {Catálogo},
  address = "Delaware, USA",
  year= {2018},
  url= {http://www.blackboard.com/learning-management-system/blackboard-learn-features.html},
  note= {Acesso em: 11/06/2018}  
}

@TECHREPORT{moodle,
  title= {About Moodle: Features},
  author= {Moodle Pty Ltd},
  type= {Catálogo},
  address = {Perth, Australia},
  year= {2018},
  url= {https://moodle.com/features},
  note= {Acesso em: 11/06/2018}  
}

@article{phil@lms,
  author={Michael Feldstein and Phil Hill},
  journal = {e-Literate},
  title={Academic LMS Market Share By Enrollments},
  url={https://mfeldstein.com/academic-lms-market-share-enrollments-part/}, 
  note    = "Acesso em: 11/06/2018"
}
@TECHREPORT{listedtech,
  author={LISTedTECH},
  title={LMS Coverage},
  type= {Relatório},
  address = {Ottawa, Ontario},
  month= {04},
  year= {2018},  
  url={http://listedtech.com/lms-coverage-two-year-anniversary/}, 
  note    = "Acesso em: 11/06/2018"
}



@article{RMRP86614,
	author = {Luiz Ernesto Troncon},
	title = {Ambiente educacional},
	journal = {Medicina (Ribeirao Preto. Online)},
	volume = {47},
	number = {3},
	year = {2014},
	issn = {2176-7262},	
	pages = {264--271},	
	doi = {10.11606/issn.2176-7262.v47i3p264-271},
	url = {http://www.revistas.usp.br/rmrp/article/view/86614},
	note    = "Acesso em: 14/06/2018"
}

@book{sommerville2011eng,
  title={Engenharia de software},
  author={Sommerville, I.},
  isbn={9788579361081},
  year={2011},
  publisher={PEARSON BRASIL}
}

@inproceedings{t1@ead,
  author={Danielle P. N. Galdino AND Helena C. P. do Vale AND Luis P. L. Mercado AND Emmanuele M. C. Costa},
  publisher = {Anais do XI ESUD – Congresso Brasileiro de Ensino Superior a Distância},
  title={Avaliação da Aprendizagem a partir dos Materiais Didáticos Disponíveis no Ambiente Virtual de Aprendizage},
  year={2014}
}

@article{t2@ead,
  author={Cloves Gomes de Carvalho Filho},
  journal = {Dissertação de Mestrado profissional em Ensino de
Ciências e Matemática da Pontifícia Universidade Católica de Minas Gerais},
  title={Utilização de Ambientes Virtuais de Aprendizagem para Ensino Médio: um estudo aplicado ao ensino de Ecologia},
  year={2011}
}

@article{t3@ead,
  author={Luisete Moraes Bandeira},
  journal = {Dissertação apresentada ao Programa de Pós-Graduação em Nutrição Humana da Faculdade de Ciências da Saúde da Universidade de Brasília},
  title={Formação a distância para conselheiros de alimentação escolar: elaboração, aplicação e avaliação},
  year={2012}
}

@article{t4@ead,
  author={Gizele Santos de Araújo},
  journal = {Dissertação apresentada ao Programa de Pós-Graduação em Linguística Aplicada do Departamento de Línguas Estrangeiras e Tradução do Instituto de Letras da Universidade de Brasília},
  title={O ambiente virtual de aprendizagem MOODLE como espaço multimodal de ensino de língua portuguesa},
  year={2016}
}

@article{t5@ead,
  author={Anna Elisa de Lara},
  journal = {Dissertação apresentada ao Programa de Pós-Graduação em Ensino de Ciências do Mestrado Profissional em Ensino de Ciências da Universidade de Brasília},
  title={O uso de apresentações em slides e de um ambiente virtual de aprendizagem na perspectiva de promoção da aprendizagem significativa de conteúdos de colisões em nível de ensino médio},
  year={2007}
}

@article{t6@ead,
  author={Júlia Maria Antunes Barros},
  journal = {Dissertação apresentada ao Programa de Pós-Graduação em Linguística Aplicada do Departamento de Línguas Estrangeiras e Tradução do Instituto de Letras da Universidade de Brasília},
  title={O ambiente virtual como um espaço para a autonomia na aprendizagem de línguas},
  year={2011}
}



@article{t7@ead,
  author={Zaira Zangrando Cardoso},
  journal = {Dissertação apresentada ao Programa de Pós-Graduação em Ensino de Ciências do Mestrado Profissional em Ensino de Ciências da Universidade de Brasília},
  title={Uma proposta de ambiente virtual de aprendizagem no ensino de conceitos relacionados a equilíbrio químico},
  year={2013}
}

@techreport{kitchenham@2007,	
    year	= {2007},	
    title	= {Guidelines for performing systematic literature reviews in software engineering},
    type = {\relax Technical Report EBSE 2007-001},
    publisher	= {Keele University and Durham University},	
    author	= {Kitchenham, Barbara A. and Charters, S.},
    url={https://www.elsevier.com/__data/promis_misc/525444systematicreviewsguide.pdf}, 
    note    = "Acesso em: 30/06/2018"    
}

@article{Ferreira@2017,
  author={Alane De Almeida Ferreira},
  journal = {Dissertação apresentada ao Programa de Pós-Graduação em Ciências Computacionais de Mestrado da Universidade do Estado do Rio de Janeiro},
  title={MA-VA: Modelo de Avaliação da Aprendizagem em Ambientes Virtuais},
  year={2017}
}
